<?xml version="1.0" encoding="UTF-8"?><record xmlns="http://www.loc.gov/MARC21/slim" xmlns:cinclude="http://apache.org/cocoon/include/1.0" xmlns:zs="http://www.loc.gov/zing/srw/">
  <leader>00640cz  a2200181n  4500</leader>
  <controlfield tag="001">n 2005212079</controlfield>
  <controlfield tag="003">DLC</controlfield>
  <controlfield tag="005">20090331075528.0</controlfield>
  <controlfield tag="008">060313n| acannaabn          |a ana      </controlfield>
  <datafield tag="010" ind1=" " ind2=" ">
    <subfield code="a">n 2005212079</subfield>
  </datafield>
  <datafield tag="035" ind1=" " ind2=" ">
    <subfield code="a">(OCoLC)oca06880231</subfield>
  </datafield>
  <datafield tag="040" ind1=" " ind2=" ">
    <subfield code="a">DLC</subfield>
    <subfield code="b">eng</subfield>
    <subfield code="c">DLC</subfield>
    <subfield code="d">OCoLC</subfield>
  </datafield>
  <datafield tag="043" ind1=" " ind2=" ">
    <subfield code="a">a-ii---</subfield>
  </datafield>
  <datafield tag="151" ind1=" " ind2=" ">
    <subfield code="a">Chhaygaon (India)</subfield>
  </datafield>
  <datafield tag="451" ind1=" " ind2=" ">
    <subfield code="a">Chaygaon (India)</subfield>
  </datafield>
  <datafield tag="670" ind1=" " ind2=" ">
    <subfield code="a">Sharma, Archana, Dr. Problems of women's education, 1998:</subfield>
    <subfield code="b">cover (Chhaygaon) leaf 1 (Chaygaon; Chaygaon block is situated at the western-most side of Kamrup District; Assam, India)</subfield>
  </datafield>
  <datafield tag="670" ind1=" " ind2=" ">
    <subfield code="a">Where is it, 1976:</subfield>
    <subfield code="b">p. 5 (Chhaygaon; 26.1 N; 91.4 E)</subfield>
  </datafield>
  <datafield tag="781" ind1=" " ind2="0">
    <subfield code="z">India</subfield>
    <subfield code="z">Chhaygaon</subfield>
  </datafield>
</record>